@misc{nvim,
	etitle   = {Neovim},
	url      = {\url{https://neovim.io}},
    accessed = {01.11.2023},
}
